@article{mcmahan2017communication,
  title={Communication-efficient learning of deep networks from decentralized data},
  author={McMahan, Brendan and Moore, Eider and Ramage, Daniel and Hampson, Seth and Arcas, Blaise Aguera y},
  journal={Proceedings of the 20th International Conference on Artificial Intelligence and Statistics},
  pages={1273--1282},
  year={2017},
  organization={PMLR}
}

@article{li2020federated,
  title={Federated learning: Challenges, methods, and future directions},
  author={Li, Tian and Sahu, Anit Kumar and Talwalkar, Ameet and Smith, Virginia},
  journal={IEEE Signal Processing Magazine},
  volume={37},
  number={3},
  pages={50--60},
  year={2020},
  publisher={IEEE}
}

@article{bonawitz2019towards,
  title={Towards federated learning at scale: System design},
  author={Bonawitz, Keith and Eichner, Hubert and Grieskamp, Wolfgang and Huba, Dzmitry and Ingerman, Alex and Ivanov, Vladimir and Kiddon, Chloe and Kone{\v{c}}n{\`y}, Jakub and Makhija, Stefano and McMahan, H Brendan and others},
  journal={Proceedings of machine learning and systems},
  volume={1},
  pages={374--388},
  year={2019}
}

@inproceedings{kreutz2015software,
  title={Software-defined networking: A comprehensive survey},
  author={Kreutz, Diego and Ramos, Fernando MV and Ver{\'\i}ssimo, Paulo Esteves and Rothenberg, Christian Esteve and Azodolmolky, Siamak and Uhlig, Steve},
  booktitle={Proceedings of the IEEE},
  volume={103},
  number={1},
  pages={14--76},
  year={2015},
  organization={IEEE}
}

@article{wang2019edge,
  title={Edge computing: A comprehensive survey},
  author={Wang, Shiqiang and Urgaonkar, Bhuvan and Zafer, Murtaza and He, Ting and Chan, Kevin and Leung, Kin K},
  journal={IEEE Internet of Things Journal},
  volume={6},
  number={6},
  pages={10070--10082},
  year={2019},
  publisher={IEEE}
}

@inproceedings{beutel2020flower,
  title={Flower: A friendly federated learning research framework},
  author={Beutel, Daniel J and Topal, Taner and Mathur, Akhil and Qiu, Xinchi and Fernandez-Marques, Javier and Gao, Yan and Sani, Lorenzo and Li, Kwing Hei and Parcollet, Titouan and de Gusmão, Pedro Porto Buarque and others},
  booktitle={arXiv preprint arXiv:2007.14390},
  year={2020}
}

@misc{gns3,
  title={GNS3: The software that empowers network professionals},
  author={{GNS3 Team}},
  howpublished={\url{https://www.gns3.com/}},
  year={2023}
}

@misc{ryu,
  title={Ryu SDN Framework},
  author={{Ryu Team}},
  howpublished={\url{https://ryu-sdn.org/}},
  year={2023}
}

@inproceedings{kairouz2019advances,
  title={Advances and open problems in federated learning},
  author={Kairouz, Peter and McMahan, H Brendan and Avent, Brendan and Bellet, Aur{\'e}lien and Bennis, Mehdi and Bhagoji, Arjun Nitin and Bonawitz, Keith and Charles, Zachary and Cormode, Graham and Cummings, Rachel and others},
  booktitle={Foundations and Trends{\textregistered} in Machine Learning},
  volume={12},
  number={1--2},
  pages={1--210},
  year={2019},
  publisher={Now Publishers, Inc.}
}

@article{yang2019federated,
  title={Federated machine learning: Concept and applications},
  author={Yang, Qiang and Liu, Yang and Chen, Tianjian and Tong, Yongxin},
  journal={ACM Transactions on Intelligent Systems and Technology (TIST)},
  volume={10},
  number={2},
  pages={1--19},
  year={2019},
  publisher={ACM New York, NY, USA}
}

@inproceedings{zhao2018federated,
  title={Federated learning with non-iid data},
  author={Zhao, Yue and Li, Meng and Lai, Liangzhen and Suda, Naveen and Civin, Damon and Chandra, Vikas},
  booktitle={arXiv preprint arXiv:1806.00582},
  year={2018}
}

@article{blanchard2017machine,
  title={Machine learning with adversaries: Byzantine tolerant gradient descent},
  author={Blanchard, Peva and El Mhamdi, El Mahdi and Guerraoui, Rachid and Stainer, Julien},
  journal={Advances in neural information processing systems},
  volume={30},
  year={2017}
}

@inproceedings{fang2020local,
  title={Local model poisoning attacks to Byzantine-robust federated learning},
  author={Fang, Minghong and Cao, Xiaoyu and Jia, Jinyuan and Gong, Neil},
  booktitle={29th USENIX Security Symposium (USENIX Security 20)},
  pages={1605--1622},
  year={2020}
}

@article{mothukuri2021survey,
  title={A survey on security and privacy of federated learning},
  author={Mothukuri, Viraaji and Parizi, Reza M and Pouriyeh, Seyedamin and Huang, Yan and Dehghantanha, Ali and Srivastava, Gautam},
  journal={Future Generation Computer Systems},
  volume={115},
  pages={619--640},
  year={2021},
  publisher={Elsevier}
}

@misc{docker,
  title={Docker: Enterprise Container Platform},
  author={{Docker Inc.}},
  howpublished={\url{https://www.docker.com/}},
  year={2023}
}

@inproceedings{pytorch,
  title={PyTorch: An imperative style, high-performance deep learning library},
  author={Paszke, Adam and Gross, Sam and Massa, Francisco and Lerer, Adam and Bradbury, James and Chanan, Gregory and Killeen, Trevor and Lin, Zeming and Gimelshein, Natalia and Antiga, Luca and others},
  booktitle={Advances in neural information processing systems},
  volume={32},
  year={2019}
}

@misc{react,
  title={React: A JavaScript library for building user interfaces},
  author={{Facebook Inc.}},
  howpublished={\url{https://reactjs.org/}},
  year={2023}
}

@misc{fastapi,
  title={FastAPI: Modern, fast (high-performance), web framework for building APIs with Python 3.6+},
  author={Ramirez, Sebastian},
  howpublished={\url{https://fastapi.tiangolo.com/}},
  year={2023}
}

@article{nvidia2023flare,
  title={NVIDIA FLARE: Federated Learning from Simulation to Real-World},
  author={Roth, Holger R and Cheng, Yan and Wen, Yuhong and Yang, Isaac and Xu, Ziyue and others},
  journal={arXiv preprint arXiv:2210.13291},
  year={2022}
}

@inproceedings{pfitzner2021survey,
  title={A survey on gns3 network simulation for sdn and network functions virtualization},
  author={Pfitzner, Björn and Baumann, Dominik and Hohlfeld, Oliver and Smaragdakis, Georgios},
  booktitle={Proceedings of the 2021 IFIP/IEEE Symposium on Integrated Network and Service Management (IM)},
  pages={559--567},
  year={2021},
  organization={IEEE}
}

@article{openflow2012specification,
  title={OpenFlow switch specification version 1.3.0},
  author={{Open Networking Foundation}},
  journal={Open Networking Foundation},
  year={2012}
}

@article{li2020fedprox,
  title={Federated optimization in heterogeneous networks},
  author={Li, Tian and Sahu, Anit Kumar and Zaheer, Manzil and Sanjabi, Maziar and Talwalkar, Ameet and Smith, Virginia},
  journal={Proceedings of Machine Learning and Systems},
  volume={2},
  pages={429--450},
  year={2020}
}

@inproceedings{wang2020fednova,
  title={Tackling the objective inconsistency problem in heterogeneous federated optimization},
  author={Wang, Jianyu and Liu, Qinghua and Liang, Hao and Joshi, Gauri and Poor, H Vincent},
  booktitle={Advances in neural information processing systems},
  volume={33},
  pages={7611--7623},
  year={2020}
}

@inproceedings{karimireddy2020scaffold,
  title={SCAFFOLD: Stochastic controlled averaging for federated learning},
  author={Karimireddy, Sai Praneeth and Kale, Satyen and Mohri, Mehryar and Reddi, Sashank and Stich, Sebastian and Suresh, Ananda Theertha},
  booktitle={International Conference on Machine Learning},
  pages={5132--5143},
  year={2020},
  organization={PMLR}
}

@article{reddi2020adaptive,
  title={Adaptive federated optimization},
  author={Reddi, Sashank and Charles, Zachary and Zaheer, Manzil and Garrett, Zachary and Rush, Keith and Kone{\v{c}}n{\`y}, Jakub and Kumar, Sanjiv and McMahan, H Brendan},
  journal={arXiv preprint arXiv:2003.00295},
  year={2020}
}

@inproceedings{yin2018byzantine,
  title={Byzantine-robust distributed learning: Towards optimal statistical rates},
  author={Yin, Dong and Chen, Yudong and Kannan, Ramchandran and Bartlett, Peter},
  booktitle={International Conference on Machine Learning},
  pages={5650--5659},
  year={2018},
  organization={PMLR}
}
